

@misc{owasp,
  howpublished = {\url{https://owasp.org/www-project-smart-contract-top-10/}},
}


@misc{dasp,
  howpublished = {\url{https://www.dasp.co/item-4}},
}


@misc{etherscan,
	howpublished = {\url{https://etherscan.io/}},
}


@misc{swc,
  howpublished = {\url{https://swcregistry.io/}},
}

@misc{z3,
  howpublished = {\url{https://github.com/Z3Prover/z3}},
}

@article{wu2024comprehensive,
	title={A comprehensive survey of smart contract security: State of the art and research directions},
	author={Wu, Guangfu and Wang, HaiPing and Lai, Xin and Wang, Mengmeng and He, Daojing and Chan, Sammy},
	pages={103882},
	year={2024},
	organization={Elsevier}
}

@inproceedings{barrett2024satisfiability,
	title={Satisfiability modulo theories: A beginner’s tutorial},
	author={Barrett, Clark and Tinelli, Cesare and Barbosa, Haniel and Niemetz, Aina and Preiner, Mathias and Reynolds, Andrew and Zohar, Yoni},
	booktitle={International Symposium on Formal Methods},
	pages={571--596},
	year={2024},
	organization={Springer}
}

@inproceedings{sendner2024large,
	title={Large-scale study of vulnerability scanners for Ethereum smart contracts},
	author={Sendner, Christoph and Petzi, Lukas and Stang, Jasper and Dmitrienko, Alexandra},
	booktitle={2024 IEEE Symposium on Security and Privacy (SP)},
	pages={2273--2290},
	year={2024},
	organization={IEEE}
}

@inproceedings{Chen2018dynamic,
  title={Dynamic Path Pruning in Symbolic Execution},
  author={Chen, Ying-Shen and Chen, Wei-Ning and Wu, Che-Yu and Hsiao, Hsu-Chun and Huang, Shih-Kun},
  booktitle={2018 IEEE Conference on Dependable and Secure Computing (DSC)}, 
  pages={1-8}, 
  year={2018},
  organization={IEEE}
}

@article{sendner2023vulnerability,
	title={Vulnerability Scanners for Ethereum Smart Contracts: A Large-Scale Study},
	author={Sendner, Christoph and Petzi, Lukas and Stang, Jasper and Dmitrienko, Alexandra},
	journal={arXiv preprint arXiv:2312.16533},
	year={2023}
}

@inproceedings{grishchenko2018semantic,
  title={Semantic analysis of smart contracts},
  author={Grishchenko, Ilya and Maffei, Matteo and Schneidewind, Clara},
  booktitle={Proceedings of the 2018 ACM SIGSAC Conference on Computer and Communications Security},
  pages={1993--1995},
  year={2018},
  organization={ACM}
}

@inproceedings{bhargavan2016formal,
  title={Formal verification of smart contracts: Short paper},
  author={Bhargavan, Karthikeyan and Delignat-Lavaud, Antoine and Fournet, C{\'e}dric and Gollamudi, Anitha and Gonthier, Georges and Kobeissi, Nadim and Kulatova, Natalia and Rastogi, Aseem and Sibut-Pinote, Thomas and Strub, Nikhil and Swamy, Nikhil},
  booktitle={Proceedings of the 2016 ACM Workshop on Programming Languages and Analysis for Security},
  pages={91--96},
  year={2016}
}

@inproceedings{kalra2018zeus,
  title={ZEUS: Analyzing safety of smart contracts},
  author={Kalra, Sukrit and Goel, Seep and Dhawan, Mohit and Sharma, Shaurya},
  booktitle={Proceedings of the Network and Distributed System Security Symposium (NDSS)},
  year={2018}
}

@inproceedings{albert2018ethertrust,
  title={EtherTrust: Tracking vulnerability propagation in smart contracts using transaction history},
  author={Albert, Elvira and Correas, Jes{\'u}s and Gordillo, Pablo and Puebla, Germ{\'a}n and Rom{\'a}n-D{\'\i}ez, Guillermo},
  booktitle={European Symposium on Research in Computer Security},
  pages={417--437},
  year={2018},
  organization={Springer}
}

@inproceedings{chen2020soda,
  title={SODA: A generic online detection framework for smart contracts},
  author={Chen, Ting and Li, Zihao and Wang, Xiapu and Luo, Xiapu and Zhang, Ting},
  booktitle={Proceedings of the 42nd International Conference on Software Engineering},
  pages={105--116},
  year={2020}
}

@inproceedings{qian2022hybroid,
  title={Hybroid: A hybrid analysis approach for smart contract vulnerability detection},
  author={Qian, Pengcheng and Liu, Jiangshan and Chen, Xiang and Wang, Lei and Wang, Haoyu and Wang, Xiapu},
  booktitle={Proceedings of the 44th International Conference on Software Engineering},
  pages={1058--1070},
  year={2022}
}

@article{perez2023survey,
  title        = {A survey on automated smart contract analysis and security auditing tools},
  author       = {Perez, Daniel and Livshits, Benjamin},
  journal      = {ACM Computing Surveys},
  volume       = {55},
  number       = {8},
  pages        = {1--37},
  year         = {2023},
  publisher    = {ACM New York, NY, USA}
}

@digital{Z3,
	author={microsoft},
	title={z3 slover},
	type={EB/OL},
	modifydate={2025-2-13},
	url={https://github.com/Z3Prover/z3},
}

@inproceedings{zhai2024smart,
  title={Smart Contract Vulnerability Detection Based on Code Graph Embedding Approach},
  author={Zhai, Yiwen and Yang, Jia and Zhang, Mingwu},
  booktitle={International Conference on Frontiers in Cyber Security},
  pages={317--332},
  year={2024},
  organization={Springer}
}

@inproceedings{yang2020seraph,
	title={Seraph: enabling cross-platform security analysis for evm and wasm smart contracts},
	author={Yang, Zhiqiang and Liu, Han and Li, Yue and Zheng, Huixuan and Wang, Lei and Chen, Bangdao},
	booktitle={Proceedings of the ACM/IEEE 42nd International Conference on Software Engineering: Companion Proceedings},
	pages={21--24},
	year={2020}
}
@article{wang2020contractward,
	title={Contractward: Automated vulnerability detection models for ethereum smart contracts},
	author={Wang, Wei and Song, Jingjing and Xu, Guangquan and Li, Yidong and Wang, Hao and Su, Chunhua},
	journal={IEEE Transactions on Network Science and Engineering},
	volume={8},
	number={2},
	pages={1133--1144},
	year={2020},
	publisher={IEEE}
}
@digital{mythril
	author={ConsenSys Diligence},
	title={mythril},
	type={EB/OL},
	modifydate={2025-2-13},
	url={https://mythx.io/tools/}
}

@digital{manticore
	author={},
	title={manticore},
	type={EB/OL},
	modifydate={2025-2-13},
	url={https://github.com/trailofbits/manticore}
}

@inproceedings{frank2020ethbmc,
	title={$\{$ETHBMC$\}$: A bounded model checker for smart contracts},
	author={Frank, Joel and Aschermann, Cornelius and Holz, Thorsten},
	booktitle={29th USENIX Security Symposium (USENIX Security 20)},
	pages={2757--2774},
	year={2020}
}




@inproceedings{nguyen2020sfuzz,
	title={sfuzz: An efficient adaptive fuzzer for solidity smart contracts},
	author={Nguyen, Tai D and Pham, Long H and Sun, Jun and Lin, Yun and Minh, Quang Tran},
	booktitle={Proceedings of the ACM/IEEE 42nd International Conference on Software Engineering},
	pages={778--788},
	year={2020}
}


@digital{whitebook,
	author={Satoshi Nakamoto},
	title={Bitcoin: A Peer-to-Peer Electronic Cash System},
	type={EB/OL},
	modifydate={2025-2-13},
	url={https://bitcoin.org/bitcoin.pdf},
}

@article{Hart1968,
  author    = {Hart, Peter E. and Nilsson, Nils J. and Raphael, Bertram},
  title     = {A Formal Basis for the Heuristic Determination of Minimum Cost Paths},
  journal   = {IEEE Transactions on Systems Science and Cybernetics},
  volume    = {SSC-4},
  number    = {2},
  pages     = {100--107},
  year      = {1968},
  doi       = {10.1109/TSSC.1968.300136}
}

@misc{yellowbook,
	howpublished = {\url{https://ethereum.github.io/yellowpaper/paper.pdf}},
}

@misc{becattack,
	howpublished = {\url{https://etherscan.io/tx/0xad89ff16fd1ebe3a0a7cf4ed282302c06626c1af33221ebe0d3a470aba4a660f}},
}


@inproceedings{Feist_2019,
   title={Slither: A Static Analysis Framework for Smart Contracts},
   author={Feist, Josselin and Grieco, Gustavo and Groce, Alex},
   booktitle={2019 IEEE/ACM 2nd International Workshop on Emerging Trends in Software Engineering for Blockchain (WETSEB)},
   pages={8–15},
   year={2019},
   organization = {IEEE}
  }
   

@inproceedings{zhuang2021dr,
title        = {Dr. Contract: Detecting Vulnerabilities in Smart Contracts with Graph Neural Network and Attention Mechanism},
author       = {Zhuang, Yan and Liu, Zhenguang and Qian, Peng and Liu, Qi and Wang, Xiang and He, Qingtian},
booktitle    = {2021 36th IEEE/ACM International Conference on Automated Software Engineering (ASE)},
pages        = {1323--1327},
year         = {2021},
organization = {IEEE}
}

@inproceedings{Durieux_2020, 
   title={Empirical review of automated analysis tools on 47,587 Ethereum smart contracts},
   author={Durieux, Thomas and Ferreira, João F. and Abreu, Rui and Cruz, Pedro},
   booktitle={Proceedings of the ACM/IEEE 42nd International Conference on Software Engineering},
   year={2020},
   organization = {ACM},
   pages={530–541},
}

@article{sathyanarayanan2024confusion,
	title={Confusion matrix-based performance evaluation metrics},
	author={Sathyanarayanan, S and Tantri, B Roopashri},
	journal={African Journal of Biomedical Research},
	pages={4023--4031},
	year={2024}
}

@inproceedings{Mossberg2019ma,
	title        = {Manticore: A User-Friendly Symbolic Execution Framework for Binaries and Smart Contracts},
	author       = {Mossberg, Mark and Manzano, Felipe and Hennenfent, Eric and Groce, Alex and Grieco, Gustavo and Feist, Josselin and Brunson, Trent and Dinaburg, Artem},
	booktitle    = {2019 34th IEEE/ACM International Conference on Automated Software Engineering (ASE)},
	pages        = {1186-1189},
	year         = {2019},
	organization = {IEEE}
}

@inproceedings{zhang2024compiler,
	title={When Compiler Optimizations Meet Symbolic Execution: An Empirical Study},
	author={Zhang, Yue and Sirlanci, Melih and Wang, Ruoyu and Lin, Zhiqiang},
	booktitle={Proceedings of the 2024 on ACM SIGSAC Conference on Computer and Communications Security},
	pages={4212--4225},
	year={2024}
}
@inproceedings{zheng2023turn,
	title = {Turn the Rudder: A Beacon of Reentrancy Detection for Smart Contracts on Ethereum},
	author = {Zheng, Zibin and Zhang, Neng and Su, Jianzhong and Zhong, Zhijie and Ye, Mingxi and Chen, Jiachi},
	booktitle = {Proceedings of the 45th International Conference on Software Engineering},
	pages = {295–306},
	year = {2023},
	organization = {IEEE}
}

@article{zheng2024dappscan,
	title={Dappscan: building large-scale datasets for smart contract weaknesses in dapp projects},
	author={Zheng, Zibin and Su, Jianzhong and Chen, Jiachi and Lo, David and Zhong, Zhijie and Ye, Mingxi},
	journal={IEEE Transactions on Software Engineering},
	year={2024},
	publisher={IEEE}
}

@article{shuai2024partial,
	title={Partial Solution Based Constraint Solving Cache in Symbolic Execution},
	author={Shuai, Ziqi and Chen, Zhenbang and Ma, Kelin and Liu, Kunlin and Zhang, Yufeng and Sun, Jun and Wang, Ji},
	journal={Proceedings of the ACM on Software Engineering},
	volume={1},
	number={FSE},
	pages={2493--2514},
	year={2024},
	publisher={ACM New York, NY, USA}
}

@article{liang2025vulseye,
	title={Vulseye: Detect smart contract vulnerabilities via stateful directed graybox fuzzing},
	author={Liang, Ruichao and Chen, Jing and Wu, Cong and He, Kun and Wu, Yueming and Cao, Ruochen and Du, Ruiying and Zhao, Ziming and Liu, Yang},
	journal={IEEE Transactions on Information Forensics and Security},
	year={2025},
	publisher={IEEE}
}、

@article{han2024ethchecker,
	title={Ethchecker: a context-guided fuzzing for smart contracts},
	author={Han, Qiang and Wang, Lu and Zhang, Haoyu and Shi, Leyi and Wang, Danxin},
	journal={The Journal of Supercomputing},
	volume={80},
	number={10},
	pages={13949--13975},
	year={2024},
	publisher={Springer}
}

@inproceedings{wu2024we,
	title={Are we there yet? unraveling the state-of-the-art smart contract fuzzers},
	author={Wu, Shuohan and Li, Zihao and Yan, Luyi and Chen, Weimin and Jiang, Muhui and Wang, Chenxu and Luo, Xiapu and Zhou, Hao},
	booktitle={Proceedings of the IEEE/ACM 46th International Conference on Software Engineering},
	pages={1--13},
	year={2024}
}

@article{lagouvardos2025precise,
	title={Precise Static Identification of Ethereum Storage Variables},
	author={Lagouvardos, Sifis and Bollanos, Yannis and Debono, Michael and Grech, Neville and Smaragdakis, Yannis},
	journal={arXiv preprint arXiv:2503.20690},
	year={2025}
}

@article{fu2024evmfuzz,
	title={Evmfuzz: Differential fuzz testing of ethereum virtual machine},
	author={Fu, Ying and Ren, Meng and Ma, Fuchen and Yang, Xin and Shi, Heyuan and Li, Shanshan and Liao, Xiangke},
	journal={Journal of Software: Evolution and Process},
	volume={36},
	number={4},
	pages={e2556},
	year={2024},
	publisher={Wiley Online Library}
}

@article{li2024varlifter,
	title={VarLifter: Recovering Variables and Types from Bytecode of Solidity Smart Contracts},
	author={Li, Yichuan and Song, Wei and Huang, Jeff},
	journal={Proceedings of the ACM on Programming Languages},
	volume={8},
	number={OOPSLA2},
	pages={1--29},
	year={2024},
	publisher={ACM New York, NY, USA}
}

@article{xiang2025automating,
	title={Automating Comment Generation for Smart Contract from Bytecode},
	author={Xiang, Jianhang and Gao, Zhipeng and Bao, Lingfeng and Hu, Xing and Chen, Jiayuan and Xia, Xin},
	journal={ACM Transactions on Software Engineering and Methodology},
	volume={34},
	number={3},
	pages={1--31},
	year={2025},
	publisher={ACM New York, NY}
}

@article{albert2025secure,
	title={Secure Optimizations on Ethereum Bytecode Jump-Free Sequences},
	author={Albert, Elvira and Genaim, Samir and Kirchner, Daniel and Martin-Martin, Enrique},
	journal={IEEE Transactions on Dependable and Secure Computing},
	year={2025},
	publisher={IEEE}
}

@article{wang2025tsgn,
	title={Tsgn: Transaction subgraph networks assisting phishing detection in ethereum},
	author={Wang, Jinhuan and Chen, Pengtao and Xu, Xinyao and Wu, Jiajing and Shen, Meng and Xuan, Qi and Yang, Xiaoniu},
	journal={IEEE Transactions on Dependable and Secure Computing},
	year={2025},
	publisher={IEEE}
}

@article{jamwal2024survey,
	title={A survey on ethereum pseudonymity: Techniques, challenges, and future directions},
	author={Jamwal, Shivani and Cano, Jos{\'e} and Lee, Gyu Myoung and Tran, Nguyen H and Truong, Nguyen},
	journal={Journal of Network and Computer Applications},
	pages={104019},
	year={2024},
	publisher={Elsevier}
}

@digital{PolyNetwork,
	author={PolyNetwork},
	type={EB/OL},
	url={https://en.wikipedia.org/wiki/PolyNetworkexploit},
}

@article{jiao2024survey,
	title={A survey of ethereum smart contract security: Attacks and detection},
	author={Jiao, Tengyun and Xu, Zhiyu and Qi, Minfeng and Wen, Sheng and Xiang, Yang and Nan, Gary},
	journal={Distributed Ledger Technologies: Research and Practice},
	volume={3},
	number={3},
	pages={1--28},
	year={2024},
	publisher={ACM New York, NY}
}

@digital{slowmist,
	author={慢雾科技},
	title={2024 区块链安全与反洗钱年度报告},
	type={EB/OL},
	url={https://www.slowmist.com/report/2024-Blockchain-Security-and-AML-Annual-Report(CN).pdf},
}

@article{gao2020escort,
  title        = {ESCORT: Ethereum smart contract vulnerability detection using deep neural network and transfer learning},
  author       = {Gao, Zibin and Jiang, Lihua and Xia, Xin and Lo, David and Grundy, John},
  journal      = {IEEE Access},
  volume       = {8},
  pages        = {111006--111018},
  year         = {2020},
  publisher    = {IEEE}
}

@inproceedings{jiang2018contractfuzzer,
	title={Contractfuzzer: Fuzzing smart contracts for vulnerability detection},
	author={Jiang, Bo and Liu, Ye and Chan, Wing Kwong},
	booktitle={Proceedings of the 33rd ACM/IEEE international conference on automated software engineering},
	pages={259--269},
	year={2018}
}

@inproceedings{grieco2020echidna,
	title={Echidna: effective, usable, and fast fuzzing for smart contracts},
	author={Grieco, Gustavo and Song, Will and Cygan, Artur and Feist, Josselin and Groce, Alex},
	booktitle={Proceedings of the 29th ACM SIGSOFT international symposium on software testing and analysis},
	pages={557--560},
	year={2020}
}

@inproceedings{jiang2018contractfuzzer,
	title={Contractfuzzer: Fuzzing smart contracts for vulnerability detection},
	author={Jiang, Bo and Liu, Ye and Chan, Wing Kwong},
	booktitle={Proceedings of the 33rd ACM/IEEE international conference on automated software engineering},
	pages={259--269},
	year={2018}
}

@inproceedings{he2019learning,
	title={Learning to fuzz from symbolic execution with application to smart contracts},
	author={He, Jingxuan and Balunovi{\'c}, Mislav and Ambroladze, Nodar and Tsankov, Petar and Vechev, Martin},
	booktitle={Proceedings of the 2019 ACM SIGSAC conference on computer and communications security},
	pages={531--548},
	year={2019}
}

@inproceedings{luu2016making,
  title={Making smart contracts smarter},
  author={Luu, Loi and Chu, Duc-Hiep and Olickel, Hrishi and Saxena, Prateek and Hobor, Aquinas},
  booktitle={Proceedings of the 2016 ACM SIGSAC conference on computer and communications security},
  pages={254--269},
  year={2016}
}


@inproceedings{AttackingDeFi_2021a,
  title = {Attacking the {{DeFi Ecosystem}} with {{Flash Loans}} for {{Fun}} and {{Profit}}},
  booktitle = {Financial {{Cryptography}} and {{Data Security}}},
  author = {Qin, Kaihua and Zhou, Liyi and Livshits, Benjamin and Gervais, Arthur},
  editor = {Borisov, Nikita and Diaz, Claudia},
  year = {2021},
  pages = {3--32},
  publisher = {Springer},
  address = {Berlin, Heidelberg},
  doi = {10.1007/978-3-662-64322-8_1},
  isbn = {978-3-662-64322-8},
  langid = {english},
  annotation = {TLDR: This paper is the first to explore the implication of flash loans for the nascent decentralized finance (DeFi) ecosystem and shows how two previously executed attacks can be "boosted" to result in a profit of 2.37x and 1.73x, respectively.}
}

@book{BlockchainRevolution_2016,
  title = {Blockchain {{Revolution}}: {{How}} the {{Technology Behind Bitcoin Is Changing Money}}, {{Business}}, and the {{World}}},
  shorttitle = {Blockchain {{Revolution}}},
  author = {Tapscott, Don and Tapscott, Alex},
  year = {2016},
  month = apr,
  publisher = {Portfolio},
  isbn = {978-1-101-98013-2}
}

@article{Blockchainsmart_2020,
  title = {Blockchain Smart Contracts Formalization: {{Approaches}} and Challenges to Address Vulnerabilities},
  shorttitle = {Blockchain Smart Contracts Formalization},
  author = {Singh, Amritraj and Parizi, Reza M. and Zhang, Qi and Choo, Kim-Kwang Raymond and Dehghantanha, Ali},
  year = {2020},
  month = jan,
  journal = {Computers \& Security},
  volume = {88},
  pages = {101654},
  issn = {01674048},
  doi = {10.1016/j.cose.2019.101654},
  urldate = {2025-04-15},
  langid = {english},
  annotation = {TLDR: The results indicate that the most common formalization technique is theorem proving, which is most often used to verify security properties relating to smart contracts, while other techniques such as symbolic execution and model checking were also frequently used.},
  file = {C:\Users\17247\Zotero\storage\QAWRJ2T7\Singh 等 - 2020 - Blockchain smart contracts formalization Approaches and challenges to address vulnerabilities.pdf}
}

@article{Blockchaintechnology_2019,
  title = {Blockchain Technology and Its Relationships to Sustainable Supply Chain Management},
  author = {Saberi, Sara and , Mahtab, Kouhizadeh and , Joseph, Sarkis and {and Shen}, Lejia},
  year = {2019},
  month = apr,
  journal = {International Journal of Production Research},
  volume = {57},
  number = {7},
  pages = {2117--2135},
  publisher = {Taylor \& Francis},
  issn = {0020-7543},
  doi = {10.1080/00207543.2018.1533261},
  urldate = {2025-04-15},
  keywords = {barriers,blockchain technology,research agenda,supply chain management,sustainability},
  annotation = {TLDR: This paper critically examines how blockchains, a potentially disruptive technology that is early in its evolution, can overcome many potential barriers and proposes future research propositions and directions that can provide insights into overcoming barriers and adoption of blockchain technology for supply chain management.},
  file = {C:\Users\17247\Zotero\storage\HP5LZMD4\Saberi 等 - 2019 - Blockchain technology and its relationships to sustainable supply chain management.pdf}
}

@article{ComprehensiveSurvey_2023,
  title = {A {{Comprehensive Survey}} on {{Blockchain-Based Decentralized Storage Networks}}},
  author = {Khalid, Muhammad Irfan and Ehsan, Ibtisam and {Al-Ani}, Ayman Khallel and Iqbal, Jawaid and Hussain, Saddam and Ullah, Syed Sajid and {Nayab}},
  year = {2023},
  journal = {IEEE Access},
  volume = {11},
  pages = {10995--11015},
  issn = {2169-3536},
  doi = {10.1109/ACCESS.2023.3240237},
  urldate = {2025-04-15},
  keywords = {blockchain,blockchain storage,Blockchains,Cloud computing,Decentralized storage,Peer-to-peer computing,Secure storage,Security,Servers,Storage area networks,storage networks},
  annotation = {TLDR: An overview of blockchain-basedstorage systems and how they work is presented, followed by a comparison with cloud-based storage networks and a survey of various decentralized storage networks like SIA, File coin, and Storj available on the market and the advantages and disadvantages are discussed.},
  file = {C:\Users\17247\Zotero\storage\MDZ2EQ83\Khalid 等 - 2023 - A Comprehensive Survey on Blockchain-Based Decentralized Storage Networks.pdf}
}

@article{DecentralizedAutonomous_2021,
  title = {Decentralized {{Autonomous Organization}}},
  author = {Hassan, Samer and De Filippi, Primavera},
  year = {2021},
  month = apr,
  journal = {Internet Policy Review},
  volume = {10},
  number = {2},
  issn = {2197-6775},
  doi = {10.14763/2021.2.1556},
  urldate = {2025-04-15},
  langid = {english},
  file = {C:\Users\17247\Zotero\storage\2TV23M8G\Hassan和De Filippi - 2021 - Decentralized Autonomous Organization.pdf}
}

@article{DecentralizedFinance_2020,
  title = {Decentralized {{Finance}}},
  author = {Zetzsche, Dirk A and Arner, Douglas W and Buckley, Ross P},
  year = {2020},
  month = sep,
  journal = {Journal of Financial Regulation},
  volume = {6},
  number = {2},
  pages = {172--203},
  issn = {2053-4841},
  doi = {10.1093/jfr/fjaa010},
  urldate = {2025-04-15},
  file = {C\:\\Users\\17247\\Zotero\\storage\\W6N7NGYN\\Zetzsche 等 - 2020 - Decentralized Finance.pdf;C\:\\Users\\17247\\Zotero\\storage\\Z8K646PG\\5913239.html}
}

@article{FormalAnalysis_2023,
  title = {Formal {{Analysis}} of {{Reentrancy Vulnerabilities}} in {{Smart Contract Based}} on {{CPN}}},
  author = {He, Yaqiong and Dong, Hanjie and Wu, Huaiguang and Duan, Qianheng},
  year = {2023},
  month = may,
  journal = {Electronics},
  volume = {12},
  number = {10},
  pages = {2152},
  issn = {2079-9292},
  doi = {10.3390/electronics12102152},
  urldate = {2025-04-15},
  copyright = {https://creativecommons.org/licenses/by/4.0/},
  langid = {english},
  annotation = {TLDR: This paper proposes a formal solution to model a smart contract based on colored Petri nets (CPNs) and presents a hierarchical CPN modelling method to analyze potential security vulnerabilities at the contract's source code level.}
}

@inproceedings{FormalMethods_2022,
  title = {Formal {{Methods}} for the {{Verification}} of {{Smart Contracts}}: {{A Review}}},
  shorttitle = {Formal {{Methods}} for the {{Verification}} of {{Smart Contracts}}},
  booktitle = {2022 15th {{International Conference}} on {{Security}} of {{Information}} and {{Networks}} ({{SIN}})},
  author = {Krichen, Moez and Lahami, Mariam and {Al-Haija}, Qasem Abu},
  year = {2022},
  month = nov,
  pages = {01--08},
  publisher = {IEEE},
  address = {Sousse, Tunisia},
  doi = {10.1109/SIN56466.2022.9970534},
  urldate = {2025-04-15},
  copyright = {https://doi.org/10.15223/policy-029},
  isbn = {978-1-6654-5465-0},
  annotation = {TLDR: The applied state-of-the-art formal methods on smart contracts specification and verification have been reviewed with the aim of minimizing the risk of faults and bugs occurrence and avoiding possible resulting costs.}
}

@inproceedings{Howeffective_2020,
  title = {How Effective Are Smart Contract Analysis Tools? Evaluating Smart Contract Static Analysis Tools Using Bug Injection},
  shorttitle = {How Effective Are Smart Contract Analysis Tools?},
  booktitle = {Proceedings of the 29th {{ACM SIGSOFT International Symposium}} on {{Software Testing}} and {{Analysis}}},
  author = {Ghaleb, Asem and Pattabiraman, Karthik},
  year = {2020},
  month = jul,
  pages = {415--427},
  publisher = {ACM},
  address = {Virtual Event USA},
  doi = {10.1145/3395363.3397385},
  urldate = {2025-04-15},
  isbn = {978-1-4503-8008-9},
  langid = {english},
  annotation = {TLDR: SolidiFI is an automated and systematic approach for evaluating smart contracts' static analysis tools and finds several instances of bugs that are not detected by the evaluated tools despite their claims of being able to detect such bugs.},
  file = {C:\Users\17247\Zotero\storage\6XXUTFYD\Ghaleb和Pattabiraman - 2020 - How effective are smart contract analysis tools evaluating smart contract static analysis tools usi.pdf}
}

@article{MappingNFT_2021,
  title = {Mapping the {{NFT}} Revolution: Market Trends, Trade Networks, and Visual Features},
  shorttitle = {Mapping the {{NFT}} Revolution},
  author = {Nadini, Matthieu and Alessandretti, Laura and Di Giacinto, Flavio and Martino, Mauro and Aiello, Luca Maria and Baronchelli, Andrea},
  year = {2021},
  month = oct,
  journal = {Scientific Reports},
  volume = {11},
  number = {1},
  pages = {20902},
  publisher = {Nature Publishing Group},
  issn = {2045-2322},
  doi = {10.1038/s41598-021-00053-8},
  urldate = {2025-04-15},
  copyright = {2021 The Author(s)},
  langid = {english},
  keywords = {Information theory and computation,Statistical physics,thermodynamics and nonlinear dynamics},
  annotation = {TLDR: This work analyzes data concerning 6.1 million trades of 4.7 million NFTs between June 23, 2017 and April 27, 2021 and finds that sale history and, secondarily, visual features are good predictors for price.},
  file = {C:\Users\17247\Zotero\storage\2XHZC3HS\Nadini 等 - 2021 - Mapping the NFT revolution market trends, trade networks, and visual features.pdf}
}

@article{SmartContract_2020,
  title = {Smart {{Contract}}: {{Attacks}} and {{Protections}}},
  shorttitle = {Smart {{Contract}}},
  author = {Sayeed, Sarwar and {Marco-Gisbert}, Hector and Caira, Tom},
  year = {2020},
  journal = {IEEE Access},
  volume = {8},
  pages = {24416--24427},
  issn = {2169-3536},
  doi = {10.1109/ACCESS.2020.2970495},
  urldate = {2025-04-15},
  copyright = {https://creativecommons.org/licenses/by/4.0/legalcode},
  annotation = {TLDR: It is revealed that even adopting the 10 most widely used tools to detect smart contract vulnerabilities, these still contain known vulnerabilities, providing a dangerously false sense of security.},
  file = {C:\Users\17247\Zotero\storage\93YCGL3E\Sayeed 等 - 2020 - Smart Contract Attacks and Protections.pdf}
}

@inproceedings{SmartContract_2021,
  title = {Smart {{Contract Security}}: {{A Practitioners}}' {{Perspective}}},
  shorttitle = {Smart {{Contract Security}}},
  booktitle = {2021 {{IEEE}}/{{ACM}} 43rd {{International Conference}} on {{Software Engineering}} ({{ICSE}})},
  author = {Wan, Zhiyuan and Xia, Xin and Lo, David and Chen, Jiachi and Luo, Xiapu and Yang, Xiaohu},
  year = {2021},
  month = may,
  pages = {1410--1422},
  publisher = {IEEE},
  address = {Madrid, ES},
  doi = {10.1109/ICSE43902.2021.00127},
  urldate = {2025-04-15},
  isbn = {978-1-6654-0296-5},
  annotation = {TLDR: This study uncovers practitioners' motivations and deterrents of smart contract security, as well as how security efforts and strategies fit into the development lifecycle.},
  file = {C:\Users\17247\Zotero\storage\ZSIR2GIM\Wan 等 - 2021 - Smart Contract Security A Practitioners' Perspective.pdf}
}

@inproceedings{Smartcontracts_2018,
  title = {Smart Contracts Vulnerabilities: A Call for Blockchain Software Engineering?},
  shorttitle = {Smart Contracts Vulnerabilities},
  booktitle = {2018 {{International Workshop}} on {{Blockchain Oriented Software Engineering}} ({{IWBOSE}})},
  author = {Destefanis, Giuseppe and Marchesi, Michele and Ortu, Marco and Tonelli, Roberto and Bracciali, Andrea and Hierons, Robert},
  year = {2018},
  month = mar,
  pages = {19--25},
  publisher = {IEEE},
  address = {Campobasso},
  doi = {10.1109/IWBOSE.2018.8327567},
  urldate = {2025-04-15},
  isbn = {978-1-5386-5986-1},
  annotation = {TLDR: A case of study where a bug discovered in a Smart Contract library, and perhaps "unsafe" programming, allowed an attack on Parity, a wallet application, causing the freezing of about 500K Ethers, is analyzed.},
  file = {C:\Users\17247\Zotero\storage\94ALHRYQ\Destefanis 等 - 2018 - Smart contracts vulnerabilities a call for blockchain software engineering.pdf}
}

@inproceedings{Stickfork_2017,
  title = {Stick a Fork in It: {{Analyzing}} the {{Ethereum}} Network Partition},
  shorttitle = {Stick a Fork in It},
  booktitle = {Proceedings of the 16th {{ACM Workshop}} on {{Hot Topics}} in {{Networks}}},
  author = {Kiffer, Lucianna and Levin, Dave and Mislove, Alan},
  year = {2017},
  month = nov,
  pages = {94--100},
  publisher = {ACM},
  address = {Palo Alto CA USA},
  doi = {10.1145/3152434.3152449},
  urldate = {2025-04-15},
  isbn = {978-1-4503-5569-8},
  langid = {english},
  annotation = {TLDR: This paper closely study the large-scale fork that occurred in Ethereum, a new blockchain technology that allows for both currency transactions and smart contracts and explores the consequences of this fork, showing the impact on the two networks and their mining pools, and how the fork lead to unintentional incentives and security vulnerabilities.},
  file = {C:\Users\17247\Zotero\storage\YX9U7ZCC\Kiffer 等 - 2017 - Stick a fork in it Analyzing the Ethereum network partition.pdf}
}

@article{surveyessential_2018,
  title = {A Survey on Essential Components of a Self-Sovereign Identity},
  author = {M{\"u}hle, Alexander and Gr{\"u}ner, Andreas and Gayvoronskaya, Tatiana and Meinel, Christoph},
  year = {2018},
  month = nov,
  journal = {Computer Science Review},
  volume = {30},
  pages = {80--86},
  issn = {1574-0137},
  doi = {10.1016/j.cosrev.2018.10.002},
  urldate = {2025-04-15},
  annotation = {TLDR: An overview of the Self-Sovereign Identity (SSI) concept is provided, focusing on four different components that were identified as essential to the architecture, and two major approaches are distinguished, namely the Identifier Registry Model and its extension the Claim Registry Model.},
  file = {C\:\\Users\\17247\\Zotero\\storage\\PK4HPW29\\Mühle 等 - 2018 - A survey on essential components of a self-sovereign identity.pdf;C\:\\Users\\17247\\Zotero\\storage\\7JSJSMY2\\S1574013718301217.html}
}




